@article{lukas2018,
title={Investigation on Cellular Automaton Rule Estimation},
author={Kroczek, L. and Zelinka, I.},
journal={J. Cellular Automata},
year={2018},
volume={13},
number={4},
pages={307--323}}

@InProceedings{wbolt-diploid,
author="Bo{\l}t, Witold
and Bo{\l}t, Aleksander
and Wolnik, Barbara
and Baetens, Jan M.
and De Baets, Bernard",
editor="Mart{\'i}n-Vide, Carlos
and Neruda, Roman
and Vega-Rodr{\'i}guez, Miguel A.",
title="A Statistical Approach to the Identification of Diploid Cellular Automata",
booktitle="Theory and Practice of Natural Computing",
year="2017",
publisher="Springer",
address="Cham, Switzerland",
pages="37--48",
isbn="978-3-319-71069-3"
}



@book{chuvieco2009fundamentals,
  title={Fundamentals of Satellite Remote Sensing},
  author={Chuvieco, E. and Huete, A.},
  isbn={9781420021516},
  year={2009},
  publisher={CRC Press},
  address={Boca Raton, FL, USA} 
}


@article{Schimit2014,
	Author = {Schimit, P. H. T. },
	Da = {2014/08/01/},
	Date-Added = {2017-12-06 23:20:00 +0000},
	Date-Modified = {2017-12-06 23:20:00 +0000},
	Isbn = {1007-5704},
	Journal = {Communications in Nonlinear Science and Numerical Simulation},
	Keywords = {Evolution of cooperation; Cellular automata; Game theory; Genetic algorithm; Prisoner's dilemma},
	Number = {8},
	Pages = {2801--2810},
	Title = {On exploring the genetic algorithm for modeling the evolution of cooperation in a population},
	Ty = {JOUR},
	Volume = {19},
	Year = {2014}}


@inproceedings{Seredynski2012,
	Author = {F. Seredynski and J. Skaruz},
	Booktitle = {2012 Third International Conference on Emerging Applications of Information Technology},
	Date-Added = {2017-12-06 23:27:30 +0000},
	Date-Modified = {2017-12-06 23:27:30 +0000},
	Journal = {2012 Third International Conference on Emerging Applications of Information Technology},
	Journal1 = {2012 Third International Conference on Emerging Applications of Information Technology},
	Keywords = {cellular automata; genetic algorithms; image reconstruction; Moore neighbourhood; automata rule; cellular automata; evolutionary algorithm; evolutionary process; genetic algorithm; genetic evolution process; image reconstruction; Automata; Genetic algorithms; Image color analysis; Image reconstruction; Image restoration; Sociology; Statistics},
	Pages = {283--286},
	Title = {Evolutionary algorithms and cellular automata towards image reconstruction},
	Ty = {CONF},
	Year = {2012},
	Year1 = {Nov. 30 2012-Dec. 1 2012}}

 
@article{TOMASSINI2001151,
title = "Cryptography with cellular automata",
journal = "Applied Soft Computing",
volume = "1",
number = "2",
pages = "151--160",
year = "2001",
issn = "1568-4946",
author = "Marco Tomassini and Mathieu Perrenoud",
keywords = "Cryptography, Cellular automata, Genetic algorithms, Random number generators"
}

@incollection{wbolt-aca-identify,
author="Bo{\l}t, Witold
and Wolnik, Barbara
and Baetens, Jan M.
and De Baets, Bernard",
editor="De Tr{\'e}, Guy
and Grzegorzewski, Przemys{\l}aw
and Kacprzyk, Janusz
and Owsi{\'{n}}ski, Jan W.
and Penczek, Wojciech
and Zadro{\.{z}}ny, S{\l}awomir",
title="On the Identification of $\alpha$-Asynchronous Cellular Automata in the Case of Partial Observations with Spatially Separated Gaps",
booktitle="Challenging Problems and Solutions in Intelligent Systems",
year="2016",
publisher="Springer",
address="Cham, Switzerland",
pages="23--36",
isbn="978-3-319-30165-5"}



@incollection{das2012,
year={2012},
isbn={978-3-642-29218-7},
booktitle={Global Trends in Computing and Communication Systems},
volume={269},
series={Communications in Computer and Information Science},
editor={Krishna, P.Venkata and Babu, M.Rajasekhara and Ariwa, Ezendu},
title={A Survey on Cellular Automata and Its Applications},
publisher={Springer Berlin Heidelberg},
keywords={Cellular Automata; Simple Rule; State; Cells},
author={Das, Debasis},
pages={753--762},
}

@article{gacs1978one,
  title={One-dimensional uniform arrays that wash out finite islands},
  author={G{\'a}cs, P{\'e}ter and Kurdyumov, Georgii L and Levin, Leonid A},
  journal={Problemy Peredachi Informatsii},
  volume={14},
  number={3},
  pages={92--96},
  year={1978},
  publisher={Russian Academy of Sciences, Branch of Informatics, Computer Equipment and Automatization}
}


@book{holland1975adaptation,
	Author = {Holland, J.H.},
	Isbn = {9780472084609},
	Lccn = {lc74078988},
	Publisher = {University of Michigan Press},
	Address = {Ann Arbor, MI, USA},
	Title = {Adaptation in natural and artificial systems: an introductory analysis with applications to biology, control, and artificial intelligence},
	Year = {1975}}


@ARTICLE{Whitley98theisland,
    author = {Darrell Whitley and Soraya Rana and Robert B. Heckendorn},
    title = {The Island Model Genetic Algorithm: On Separability, Population Size and Convergence},
    journal = {J. Computing and Information Technology},
    year = {1998},
    volume = {7},
    pages = {33--47}
}

@article{citeulike:9312129,
    author = {Bagnoli, F. and Rechtman, R. and Ruffo, S.},
    day = {21},
    issn = {03759601},
    journal = {Physics Letters A},
    keywords = {automata, liapunov},
    number = {1-2},
    pages = {34--38},
    posted-at = {2011-05-18 19:46:44},
    priority = {5},
    title = {{Damage spreading and Lyapunov exponents in cellular automata}},
    volume = {172},
    year = {1992}
}

@article{Sher:92,
year={1992},
issn={0938-8974},
journal={J. Nonlinear Science},
volume={2},
number={1},
title={Lyapunov Exponents for One-Dimensional Cellular Automata},
publisher={Springer-Verlag},
keywords={cellular automaton; entropy; invariant measure; Lyapunov exponents},
author={Shereshevsky, M.A.},
pages={1--8}
}

@article{Wolfram:84,
  added-at = {2008-02-26T11:58:58.000+0100},
  author = {Wolfram, S.},
  description = {idsia},
  interhash = {7f8f726335cd3cc1d421a5a1f96d68c2},
  intrahash = {58b25471737a592e234da6820c2e3ca6},
  journal = {Physica D: Nonlinear Phenomena},
  pages = {1--35},
  priority = {2},
  timestamp = {2008-02-26T11:58:58.000+0100},
  title = {Universality and Complexity in Cellular Automata},
  volume = 10,
  year = 1984
}

@article {IOPORT.05887733,
    author       = {Mendon\c{c}a, J.R.G. and de Oliveira, M.J.},
    title        = {An extinction-survival-type phase transition in the probabilistic cellular automaton $p182-q200$.},
    year         = {2011},
    journal      = {J. Physics A: Mathematical and Theoretical},
    volume       = {44},
    number       = {15},
    issn         = {1751-8113},
    pages        = {Article ID 155001, 10 p.},
    publisher    = {IOP Publishing, Bristol},
    identifier   = {05887733},
}

@inproceedings{wbolt-automata2013,
  author    = "Bołt, Witold and Baetens, Jan M. and De Baets, Bernard",
  title     = "Identifying {CA}s with evolutionary algorithms",
  booktitle = "Proceedings 19th International Workshop on Cellular Automata and Discrete Complex Systems (AUTOMATA 2013) – Exploratory Papers",
  year      = "2013",
  pages     = "11--20"}

@article{stochgrad,
year={1976},
issn={0022-3239},
journal={J. Optimization Theory and Applications},
volume={18},
number={2},
title={New least-square algorithms},
publisher={Kluwer Academic Publishers-Plenum Publishers},
keywords={Least-square methods; variable-metric methods; gradient methods; nonlinear programming},
author={Davidon, W.C.},
pages={187--197}
}

@article{shannon1948mathematical,
  added-at = {2013-02-27T08:21:47.000+0100},
  author = {Shannon, Claude E.},
  biburl = {http://www.bibsonomy.org/bibtex/2b6bc42c140f0147cd6a1781d75fcb897/jaeschke},
  interhash = {754130207906fcec16a53d330eeff348},
  intrahash = {b6bc42c140f0147cd6a1781d75fcb897},
  journal = {The Bell System Technical Journal},
  keywords = {communication entropy information shannon toread},
  month = {July, October},
  pages = {379--423, 623--656},
  timestamp = {2013-02-27T08:21:47.000+0100},
  title = {A Mathematical Theory of Communication},
   volume = 27,
  year = 1948
}


@article{Cauchy1847Methode,
    author = {Cauchy, Augustin-Louis},
    citeulike-article-id = {7133110},
    day = {18},
    journal = {Compte Rendu des S'eances de L'Acad'emie des Sciences {XXV}},
    keywords = {first, steepest-descent},
    month = oct,
    number = {25},
    pages = {536--538},
    posted-at = {2010-05-07 01:16:11},
    priority = {2},
    title = {{M\'{e}thode g\'{e}n\'{e}rale pour la r\'{e}solution des syst\`{e}mes d'\'{e}quations simultan\'{e}es}},
    volume = {S'erie A},
    year = {1847}
}


@article{jan.lyap,
	Author = {Baetens, Jan M. and De Baets, Bernard},
	pages = "033112",
	Journal = {Chaos},
	Title = {Phenomenological study of irregular cellular automata based on {L}yapunov exponents and {J}acobians},
	Volume = {20},
	Year = {2010}}


@article{jan.toplyap,
   author = "Baetens, Jan M. and De Baets, Bernard",
   title = "On the topological sensitivity of cellular automata",
   journal = "Chaos: An Interdisciplinary J. Nonlinear Science",
   year = "2011",
   volume = "21",
   number = "2", 
   eid = 023108,
   pages = "-"}



@article{RevModPhys.55.601,
  title = {Statistical mechanics of cellular automata},
  author = {Wolfram, Stephen},
  journal = {Rev. of Mod. Phys.},
  volume = {55},
  issue = {3},
  pages = {601--644},
  numpages = {0},
  year = {1983},
  publisher = {American Physical Society}}


@article{schonfisch1999synchronous,
  title={Synchronous and asynchronous updating in cellular automata},
  author={Sch{\"o}nfisch, Birgitt and de Roos, Andr{\'e}},
  journal={BioSystems},
  volume={51},
  number={3},
  pages={123--143},
  year={1999},
  publisher={Elsevier}
}

@article{Sun11,
 author = {Xianfang Sun and Rosin, P. L. and Martin, R. R.},
 title = {Fast Rule Identification and Neighborhood Selection for Cellular Automata},
 journal = IEEE_J_SMCB,
 issue_date = {June 2011},
 volume = {41},
 number = {3},
 year = {2011},
 issn = {1083-4419},
 pages = {749--760},
 numpages = {12},
 acmid = {2334563},
 publisher = {IEEE Press},
 address = {Piscataway, NJ, USA},
} 

@inproceedings{andre1996discovery,
  title={Discovery by genetic programming of a cellular automata rule that is better than any known rule for the majority classification problem},
  author={Andre, David and Bennett III, Forrest H and Koza, John R},
  booktitle={Proceedings of the First Annual Conference on Genetic Programming},
  pages={3--11},
  year={1996},
  organization={MIT Press}
}

@article{flocchini2000convergence,
  title={Convergence and aperiodicity in fuzzy cellular automata: revisiting rule 90},
  author={Flocchini, P and Geurts, F and Mingarelli, A and Santoro, N},
  journal={Physica D: Nonlinear Phenomena},
  volume={142},
  pages={20--28},
  year={2000},
  publisher={Elsevier}
}

@article{Betel:2009:ABF:1621142.1621283,
 author = {Betel, Heather and Flocchini, Paola},
 title = {On the Asymptotic Behavior of Fuzzy Cellular Automata},
 journal = {Electron. Notes Theor. Comput. Sci.},
 issue_date = {October, 2009},
 volume = {252},
 month = oct,
 year = {2009},
 issn = {1571-0661},
 pages = {23--40},
 numpages = {18},
 acmid = {1621283},
 publisher = {Elsevier Science Publishers B. V.},
 address = {Amsterdam, The Netherlands, The Netherlands},
 keywords = {Fuzzy cellular automata, asymptotic behavior, periodic points},
} 


@book{adamatzky1994identification,
  title={Identification of Cellular Automata},
  author={Adamatzky, A.},
  isbn={9780748401727},
  lccn={95120376},
  year={1994},
  publisher={Taylor \& Francis Group},
  address = {London, United Kingdom}
}

@article{journals/tsmc/YangB00,
  added-at = {2011-11-08T00:00:00.000+0100},
  author = {Yang, Yingxu and Billings, S. A.},
  interhash = {5ea54b9949e74c16503df7e37bb2a1b3},
  intrahash = {bc894ab8a27bf280a99691b9e3106a88},
  journal = IEEE_J_SMCB,
  keywords = {dblp},
  number = 4,
  pages = {573--580},
  timestamp = {2011-11-08T00:00:00.000+0100},
  title = {Extracting {B}oolean rules from {CA} patterns.},
  volume = 30,
  year = 2000
}

@article{Billings:2003:IPC:2225299.2226030,
 author = {Billings, S. A. and Yang, Yingxu},
 title = {Identification of probabilistic cellular automata},
 journal = IEEE_J_SMCB,
 issue_date = {April 2003},
 volume = {33},
 number = {2},
 year = {2003},
 issn = {1083-4419},
 pages = {225--236},
 numpages = {12},
 acmid = {2226030},
 publisher = {IEEE Press},
 address = {Piscataway, NJ, USA},
} 

@article{Yang:2000:NDR:2229236.2229683,
 author = {Yang, Y. and Billings, S. A.},
 title = {Neighborhood detection and rule selection from cellular automata patterns},
 journal = IEEE_J_SMCA,
 issue_date = {November 2000},
 volume = {30},
 number = {6},
 year = {2000},
 issn = {1083-4427},
 pages = {840--847},
 numpages = {8},
 acmid = {2229683},
 publisher = {IEEE Press},
 address = {Piscataway, NJ, USA},
} 


@incollection{foo01,
year={2005},
isbn={978-3-540-27884-9},
booktitle={Unconventional Programming Paradigms},
volume={3566},
series={Lecture Notes in Computer Science},
editor={Banâtre, Jean-Pierre and Fradet, Pascal and Giavitto, Jean-Louis and Michel, Olivier},
title={Inverse Design of Cellular Automata by Genetic Algorithms: An Unconventional Programming Paradigm},
publisher={Springer-Verlag},
author={Bäck, Thomas and Breukelaar, Ron and Willmes, Lars},
pages={161--172}
}

@article{Liu:2008:BAD:1459980.1459984,
 author = {Liu, Xiaoping and Li, Xia and Liu, Lin and He, Jinqiang and Ai, Bin},
 title = {A bottom-up approach to discover transition rules of cellular automata using ant intelligence},
 journal = {Int. J. Geogr. Inf. Sci.},
 issue_date = {Nov/Dec 2008},
 volume = {22},
 number = {11-12},
 year = {2008},
 issn = {1365-8816},
 pages = {1247--1269},
 numpages = {23},
 acmid = {1459984},
 publisher = {Taylor \& Francis, Inc.},
 address = {Bristol, PA, USA},
 keywords = {Ant colony optimization, Artificial intelligence, CA, Urban simulation},
} 

@inproceedings{conf/automata/BandiniMV08,
  added-at = {2011-11-10T00:00:00.000+0100},
  author = {Bandini, Stefania and Manzoni, Sara and Vanneschi, Leonardo},
  booktitle = {Automata},
  editor = {Adamatzky, Andrew and Alonso-Sanz, Ramón and Lawniczak, Anna T. and Martínez, Genaro Juárez and Morita, Kenichi and Worsch, Thomas},
  interhash = {511fe1202061fe8dae325483a0471cf8},
  intrahash = {8934d35f2f22b759d288edbaa7dafce3},
  isbn = {978-1-905986-16-3},
  keywords = {dblp},
  pages = {542--556},
  publisher = {Luniver Press, Frome, UK},
  timestamp = {2011-11-10T00:00:00.000+0100},
  title = {Evolving robust cellular automata rules with genetic programming.},
  year = 2008
}

@article{richards1990extracting,
  title={Extracting cellular automaton rules directly from experimental data},
  author={Richards, Fred C and Meyer, Thomas P and Packard, Norman H},
  journal={Physica D: Nonlinear Phenomena},
  volume={45},
  number={1},
  pages={189--202},
  year={1990},
  publisher={Elsevier}
}

@inproceedings{mitchell1996evolving,
  title={Evolving cellular automata with genetic algorithms: A review of recent work},
  author={Mitchell, Melanie and Crutchfield, James P and Das, Rajarshi},
  booktitle={Proc. of the First International Conference on Evolutionary Computation and its Applications (EvCA’96)},
  year={1996}
}


@article{DBLP:journals/corr/cs-AI-0102027,
  added-at = {2011-01-19T18:05:59.000+0100},
  author = {Ferreira, Candida},
  description = {[cs/0102027] Gene Expression Programming: a New Adaptive Algorithm for Solving Problems},
  interhash = {7ac893f226165746f374d0d0d0b14b2d},
  intrahash = {c0a43111738d727f45495dbbf29c5888},
  journal = {Complex Systems},
  keywords = {evolutionary mathematics 2001},
  number = 2,
  pages = {87--129},
  timestamp = {2011-01-19T18:05:59.000+0100},
  title = {Gene Expression Programming: a New Adaptive Algorithm for Solving Problems},
  volume = 13,
  year = 2001
}

@inproceedings{Sapin:2003:RCA:1762668.1762709,
 author = {Sapin, Emmanuel and Bailleux, Olivier and Chabrier, Jean-Jacques},
 title = {Research of a cellular automaton simulating logic gates by evolutionary algorithms},
 booktitle = {Proc. 6th European Conference on Genetic Programming (EuroGP'03)},
 year = {2003},
 isbn = {3-540-00971-X},
 location = {Essex, UK},
 pages = {414--423},
 numpages = {10},
 acmid = {1762709},
 publisher = {Springer-Verlag}
 } 

@article{DBLP:journals/jca/BullA07,
  author    = {Larry Bull and
               Andrew Adamatzky},
  title     = {A Learning Classifier System Approach to the Identification
               of Cellular Automata},
  journal   = {J. Cellular Automata},
  volume    = {2},
  number    = {1},
  year      = {2007},
  pages     = {21--38}
}

@book{packard1988adaptation,
  title={Adaptation Toward the Edge of Chaos},
  author={Packard, Norman H},
  year={1988},
  publisher={University of Illinois at Urbana-Champaign, Center for Complex Systems Research},
  address={Champaign, IL, USA}
}


@article{DBLP:journals/jca/MaedaS07,
  author    = {Kenichi Maeda and
               Chiaki Sakama},
  title     = {Identifying Cellular Automata Rules},
  journal   = {J. Cellular Automata},
  volume    = {2},
  number    = {1},
  year      = {2007},
  pages     = {1--20}
 }

@inproceedings{DBLP:conf/automata/MarianoO08,
  author    = {Alexsandro Souza Mariano and
               Gina M. B. Oliveira},
  title     = {Evolving one-dimensional radius-2 cellular automata rules
               for the synchronization task},
  booktitle = {Proc. EPSRC Workshop Cellular Automata Theory and Applications (AUTOMATA 2008)},
  year      = {2008},
  pages     = {514--526},
}

@proceedings{DBLP:conf/automata/2008,
  editor    = {Andrew Adamatzky and
               Ram{\'o}n Alonso-Sanz and
               Anna T. Lawniczak and
               Genaro Ju{\'a}rez Mart\'{\i}nez and
               Kenichi Morita and
               Thomas Worsch},
  title     = {Automata 2008: Theory and Applications of Cellular Automata,
               Bristol, UK, June 12-14, 2008},
  publisher = {Luniver Press, Frome, UK},
  year      = {2008},
  isbn      = {978-1-905986-16-3}
}

@INPROCEEDINGS{urban-ga, 
author={Al-Kheder, S. and Jun Wang and Jie Shan}, 
booktitle={Proc. Urban Remote Sensing Joint Event}, 
title={Cellular automata urban growth model calibration with genetic algorithms}, 
year={2007}, 
month={April}, 
pages={1--5}, 
keywords={artificial intelligence;calibration;cellular automata;genetic algorithms;geography;town and country planning;artificial intelligence;cellular automata;city population;genetic algorithms;minimum objective function;multitemporal satellite imagery;population density;resource sustainable distribution;urban growth model calibration;Algorithm design and analysis;Artificial intelligence;Calibration;Civil engineering;Genetic algorithms;Genetic engineering;Pattern matching;Remote sensing;Satellites;Testing}, 
}

@article{pattern-ga,
 author = {Sapin, Emannuel and Bull, L. and Adamatzky, A.},
 title = {Genetic approaches to search for computing patterns in cellular automata},
 journal = IEEE_M_CIM,
 issue_date = {August 2009},
 volume = {4},
 number = {3},
 year = {2009},
 issn = {1556-603X},
 pages = {20--28},
 numpages = {9},
 acmid = {1721773},
 publisher = {IEEE Press},
 address = {Piscataway, NJ, USA},
} 

@article {STMAZ.06113350,
    author       = {Bo{\l}t, W. and Majewski, A.A. and Szarek, T.},
    title        = {An invariance principle for the law of the iterated logarithm for some Markov chains.},
    year         = {2012},
    journal      = {Studia Mathematica},
    volume       = {212},
    number       = {1},
    issn         = {0039-3223},
    pages        = {41--53},
    publisher    = {Instytut Matematyczny PAN, Warszawa},
    abstract     = {Summary: Strassen's invariance principle for additive functionals of Markov chains with spectral gap in the Wasserstein metric is proved.},
    msc2010      = {60J25 (60H15 76N10)},
    identifier   = {06113350},
}

@article{image-proc,
 author = {Rosin, Paul L.},
 title = {Image processing using 3-state cellular automata},
 journal = {Comput. Vis. Image Underst.},
 issue_date = {July, 2010},
 volume = {114},
 number = {7},
 year = {2010},
 issn = {1077-3142},
 pages = {790--802},
 numpages = {13},
 acmid = {1809538},
 publisher = {Elsevier Science Inc.},
 address = {New York, NY, USA},
 keywords = {Cellular automata, Denoising, Feature selection, State reduction, Threshold decomposition},
} 

@ARTICLE{Fates05anexperimental,
    author = {Fatès, Nazim A. and Morvan, Michel},
    title = {An experimental study of robustness to asynchronism for elementary cellular automata},
    journal = {Complex Systems},
    year = {2005}
}

@article{1751-8121-50-34-345103,
	Author = {Wolnik, Barbara and Dembowski, Marcin and Bo{\l}t, Witold and Baetens, Jan M. and De Baets, Bernard},
	Journal = {J. Physics A: Mathematical and Theoretical},
	Number = {34}, 
	Identifier = {345103},
	Title = {Density-conserving affine continuous cellular automata solving the relaxed density classification problem},
	Volume = {50},
  Month = {Jul},
	Year = {2017}} 

@article{Dembowski2017,
	Author = {Dembowski, Marcin and Wolnik, Barbara and Bo{\l}t, Witold and Baetens, Jan M. and De Baets, Bernard},
	Day = {24},
	Doi = {10.1007/s11047-017-9631-4},
	Issn = {1572-9796},
	Journal = {Natural Computing},
  Month = {Jul},
  pages={1--11},
	Title = {Affine continuous cellular automata solving the fixed-length density classification problem},
	Year = {2017}}
 
